@misc{,
file = {:Users/rich/Library/Application Support/Mendeley Desktop/Downloaded/Unknown - Unknown - Conference on the Constitutional Convention Lawrence Lessig Keynote.html:html},
keywords = {Article V,Conference,Constitutional,Convention,HLS,Harvard,Law,Lawrence,Lessig,School},
mendeley-tags = {Article V},
title = {{Conference on the Constitutional Convention: Lawrence Lessig Keynote}},
url = {http://www.youtube.com/watch?v=0lXcgUBnYMI},
urldate = {21/02/13}
}
@misc{OpenSecretsDemographics13,
file = {:Users/rich/Library/Application Support/Mendeley Desktop/Downloaded/Unknown - Unknown - Donor Demographics OpenSecrets.html:html},
keywords = {Article V,big picture,campaign contributions,crp,election facts,elections,lobbying,money in politics,opensecrets,statistics},
mendeley-tags = {Article V},
title = {{Donor Demographics | OpenSecrets}},
url = {http://www.opensecrets.org/overview/donordemographics.php},
urldate = {10/02/13}
}
@misc{,
file = {:Users/rich/Library/Application Support/Mendeley Desktop/Downloaded/Unknown - Unknown - Texas Legislature Online - 83(R) History for HCR 25.html:html},
keywords = {Article V,Texas},
mendeley-tags = {Article V,Texas},
title = {{Texas Legislature Online - 83(R) History for HCR 25}},
url = {http://www.legis.state.tx.us/BillLookup/History.aspx?LegSess=83R\&Bill=HCR25},
urldate = {10/02/13}
}
@misc{,
file = {:Users/rich/Library/Application Support/Mendeley Desktop/Downloaded/Unknown - Unknown - Big Money vs. American Democracy.html:html},
keywords = {Ammendment,Article V},
mendeley-tags = {Ammendment,Article V},
title = {{Big Money vs. American Democracy}},
url = {http://www.99rise.org/crisis},
urldate = {10/02/13}
}
@misc{,
file = {:Users/rich/Library/Application Support/Mendeley Desktop/Downloaded/Unknown - Unknown - Big Pharma Gets 77,500\% Return On Lobbying Investment United Republic.html:html},
keywords = {Article V},
mendeley-tags = {Article V},
title = {{Big Pharma Gets 77,500\% Return On Lobbying Investment | United Republic}},
url = {http://unitedrepublic.org/2012/big-pharma-gets-77500-return-on-lobbying-investment/},
urldate = {10/02/13}
}
@misc{,
file = {:Users/rich/Library/Application Support/Mendeley Desktop/Downloaded/Unknown - Unknown - ANALYSIS When a Congressman Becomes a Lobbyist, He Gets a 1,452\% Raise (on Average) Republic Report.html:html},
keywords = {Amendment,Article V},
mendeley-tags = {Amendment,Article V},
title = {{ANALYSIS: When a Congressman Becomes a Lobbyist, He Gets a 1,452\% Raise (on Average) | Republic Report}},
url = {http://www.republicreport.org/2012/make-it-rain-revolving-door/},
urldate = {10/02/13}
}
@misc{OpenSecretsWins,
file = {:Users/rich/Library/Application Support/Mendeley Desktop/Downloaded/Unknown - Unknown - Money Wins Presidency and 9 of 10 Congressional Races in Priciest U.S. Election Ever - OpenSecrets Blog.html:html},
keywords = {527s,Amendment,Article V,Barack Obama,Convention,John McCain,Norm Coleman},
mendeley-tags = {Amendment,Article V,Convention},
title = {{Money Wins Presidency and 9 of 10 Congressional Races in Priciest U.S. Election Ever - OpenSecrets Blog}},
url = {http://www.opensecrets.org/news/2008/11/money-wins-white-house-and.html},
urldate = {10/02/13}
}
@misc{,
file = {:Users/rich/Library/Application Support/Mendeley Desktop/Downloaded/Unknown - Unknown - Frequently Asked Questions.html:html},
keywords = {Article V},
mendeley-tags = {Article V},
title = {{Frequently Asked Questions}},
url = {http://www.rootstrikers.org/faq},
urldate = {26/01/13}
}
@misc{,
file = {:Users/rich/Library/Application Support/Mendeley Desktop/Downloaded/Unknown - Unknown - Santarsiero Calls for Campaign Finance Reform - Newtown, PA Patch.html:html},
keywords = {Article V,Campaign Finance,Steve Santarsiero,campaign spending},
mendeley-tags = {Article V},
title = {{Santarsiero Calls for Campaign Finance Reform - Newtown, PA Patch}},
url = {http://newtown-pa.patch.com/articles/santarsiero-calls-for-campaign-finance-reform},
urldate = {26/01/13}
}
@article{Ano,
author = {Ano, Aaburnam H C R and Resolution, House Concurrent and States, United and Madison, James and States, United and Court, Supreme and United, Citizens and Commission, Federal Election and Article, Whereas and Constitution, United States and Congress, United States and Constitution, United States},
file = {:Users/rich/Dropbox/Convention/Sources/Texas Article V Bill.pdf:pdf},
pages = {2--4},
title = {{No Title}}
}
@article{Greenberg2010,
author = {Greenberg, From Stan and Contario, Jesse and Baumann, Andrew and Mckinnon, Mark and Media, Mckinnon},
file = {:Users/rich/Downloads/Campaign Finance Memo Final.pdf:pdf},
title = {{Strong Campaign Finance Reform : Good Policy , Good Politics}},
year = {2010}
}

@article{Poll2012,
author = {Poll, Ap-national Constitution and Any, Abt Srbi and Press, The Associated},
file = {:Users/rich/Dropbox/Drexel/Winter 2013/Advanced AI/Sources/AP-NCC-Poll-August-GfK-2012-Topline-FINAL\_1st-release.pdf:pdf},
pages = {1--33},
title = {{The AP-National Constitution Center Poll}},
year = {2012}
}
