@article{Poll2012,
author = {Poll, Ap-national Constitution and Any, Abt Srbi and Press, The Associated},
file = {:Users/rich/Dropbox/Drexel/Winter 2013/Advanced AI/Sources/AP-NCC-Poll-August-GfK-2012-Topline-FINAL\_1st-release.pdf:pdf},
pages = {1--33},
title = {{The AP-National Constitution Center Poll}},
year = {2012}
}
