@misc{,
file = {:Users/rich/Library/Application Support/Mendeley Desktop/Downloaded/Unknown - Unknown - Big Money vs. American Democracy.html:html},
keywords = {Ammendment,Article V},
mendeley-tags = {Ammendment,Article V},
title = {{Big Money vs. American Democracy}},
url = {http://www.99rise.org/crisis},
urldate = {10/02/13}
}
@misc{,
file = {:Users/rich/Library/Application Support/Mendeley Desktop/Downloaded/Unknown - Unknown - Texas Legislature Online - 83(R) History for HCR 25.html:html},
keywords = {Article V,Texas},
mendeley-tags = {Article V,Texas},
title = {{Texas Legislature Online - 83(R) History for HCR 25}},
url = {http://www.legis.state.tx.us/BillLookup/History.aspx?LegSess=83R\&Bill=HCR25},
urldate = {10/02/13}
}
@misc{,
file = {:Users/rich/Library/Application Support/Mendeley Desktop/Downloaded/Unknown - Unknown - Santarsiero Calls for Campaign Finance Reform - Newtown, PA Patch.html:html},
keywords = {Article V,Campaign Finance,Steve Santarsiero,campaign spending},
mendeley-tags = {Article V},
title = {{Santarsiero Calls for Campaign Finance Reform - Newtown, PA Patch}},
url = {http://newtown-pa.patch.com/articles/santarsiero-calls-for-campaign-finance-reform},
urldate = {26/01/13}
}
@misc{,
file = {:Users/rich/Library/Application Support/Mendeley Desktop/Downloaded/Unknown - Unknown - Donor Demographics OpenSecrets.html:html},
keywords = {Article V,big picture,campaign contributions,crp,election facts,elections,lobbying,money in politics,opensecrets,statistics},
mendeley-tags = {Article V},
title = {{Donor Demographics | OpenSecrets}},
url = {http://www.opensecrets.org/overview/donordemographics.php},
urldate = {10/02/13}
}
@misc{,
file = {:Users/rich/Library/Application Support/Mendeley Desktop/Downloaded/Unknown - Unknown - ANALYSIS When a Congressman Becomes a Lobbyist, He Gets a 1,452\% Raise (on Average) Republic Report.html:html},
keywords = {Amendment,Article V},
mendeley-tags = {Amendment,Article V},
title = {{ANALYSIS: When a Congressman Becomes a Lobbyist, He Gets a 1,452\% Raise (on Average) | Republic Report}},
url = {http://www.republicreport.org/2012/make-it-rain-revolving-door/},
urldate = {10/02/13}
}
@misc{,
file = {:Users/rich/Library/Application Support/Mendeley Desktop/Downloaded/Unknown - Unknown - Money Wins Presidency and 9 of 10 Congressional Races in Priciest U.S. Election Ever - OpenSecrets Blog.html:html},
keywords = {527s,Amendment,Article V,Barack Obama,Convention,John McCain,Norm Coleman},
mendeley-tags = {Amendment,Article V,Convention},
title = {{Money Wins Presidency and 9 of 10 Congressional Races in Priciest U.S. Election Ever - OpenSecrets Blog}},
url = {http://www.opensecrets.org/news/2008/11/money-wins-white-house-and.html},
urldate = {10/02/13}
}
@misc{,
file = {:Users/rich/Library/Application Support/Mendeley Desktop/Downloaded/Unknown - Unknown - Frequently Asked Questions.html:html},
keywords = {Article V},
mendeley-tags = {Article V},
title = {{Frequently Asked Questions}},
url = {http://www.rootstrikers.org/faq},
urldate = {26/01/13}
}
@misc{,
file = {:Users/rich/Library/Application Support/Mendeley Desktop/Downloaded/Unknown - Unknown - Big Pharma Gets 77,500\% Return On Lobbying Investment United Republic.html:html},
keywords = {Article V},
mendeley-tags = {Article V},
title = {{Big Pharma Gets 77,500\% Return On Lobbying Investment | United Republic}},
url = {http://unitedrepublic.org/2012/big-pharma-gets-77500-return-on-lobbying-investment/},
urldate = {10/02/13}
}
